<marc:record xmlns:marc="http://www.loc.gov/MARC21/slim" xmlns:xsi="http://www.w3.org/2001/XMLSchema-instance" xsi:schemaLocation="http://www.loc.gov/MARC21/slim http://www.loc.gov/standards/marcxml/schema/MARC21slim.xsd">
  <marc:leader>     nam a2200289 a 45M</marc:leader>
  <marc:controlfield tag="001">001374300</marc:controlfield>
  <marc:controlfield tag="003">NNU</marc:controlfield>
  <marc:controlfield tag="005">20061010172917.0</marc:controlfield>
  <marc:controlfield tag="008">980416s1920    le            000 0 ara  </marc:controlfield>
  <marc:datafield tag="010" ind1=" " ind2=" ">
    <marc:subfield code="a">68004668</marc:subfield>
  </marc:datafield>
  <marc:datafield tag="035" ind1="9" ind2=" ">
    <marc:subfield code="a">NYUb11790934</marc:subfield>
  </marc:datafield>
  <marc:datafield tag="035" ind1=" " ind2=" ">
    <marc:subfield code="a">(CStRLIN)NYUG98-B1148</marc:subfield>
  </marc:datafield>
  <marc:datafield tag="040" ind1=" " ind2=" ">
    <marc:subfield code="a">DLC</marc:subfield>
    <marc:subfield code="c">DLC</marc:subfield>
    <marc:subfield code="d">MH</marc:subfield>
    <marc:subfield code="d">CStRLIN</marc:subfield>
    <marc:subfield code="d">NNU</marc:subfield>
  </marc:datafield>
  <marc:datafield tag="066" ind1=" " ind2=" ">
    <marc:subfield code="c">(3</marc:subfield>
  </marc:datafield>
  <marc:datafield tag="090" ind1=" " ind2=" ">
    <marc:subfield code="a">PJ7643</marc:subfield>
    <marc:subfield code="b">.A1 1920</marc:subfield>
  </marc:datafield>
  <marc:datafield tag="100" ind1="0" ind2=" ">
    <marc:subfield code="a">Mufaḍḍal ibn Muḥammad al-Ḍabbī,</marc:subfield>
    <marc:subfield code="d">8th cent.</marc:subfield>
    <marc:subfield code="6">01</marc:subfield>
  </marc:datafield>
  <marc:datafield tag="100" ind1="0" ind2=" ">
    <marc:subfield code="6">01</marc:subfield>
    <marc:subfield code="a">مفضل بن محمد الضبي.</marc:subfield>
  </marc:datafield>
  <marc:datafield tag="245" ind1="1" ind2="0">
    <marc:subfield code="6">02</marc:subfield>
    <marc:subfield code="a">Dīwān al-Mufaḍḍaliyāt :</marc:subfield>
    <marc:subfield code="b">wa-hiya nukhbah min qaṣāʼid al-shuʻarāʼ al-muqallīn fī al-Jāhilīyah wa-awāʼil al-Islām /</marc:subfield>
    <marc:subfield code="c">ihktārahā Abū al-ʻAbbās al-Mufaḍḍal ibn Muḥammad al-Dabbī ; maʻa sharḥ wāfir li-Abī Muḥammad al-Qāsim ibn Muḥammad ibn Bashār al-Anbārī ; ʻuníyá bi-ṭabʻih wa-muqābalat naskhih wa-tadhyīlih bi-ḥawāshin wa-riwāyāt li-ʻiddat lughawiyyīn wa-ʻulamāʼ Kārilūs Yaʻqūb Lāyil.</marc:subfield>
  </marc:datafield>
  <marc:datafield tag="245" ind1="1" ind2="0">
    <marc:subfield code="6">02</marc:subfield>
    <marc:subfield code="a">ديوان المفضليات :</marc:subfield>
    <marc:subfield code="b">وهي نخبة من قصائد الشعراء المقلين في الجاهلية واوائل الاسلام /</marc:subfield>
    <marc:subfield code="c">اختارها أبو العباس المفضل بن محمد الضبي ؛ مع شرح وافر لأبي محمد القاسم بن محمد بن بشار الأنباري ؛ عنيى بطبعه ومقابلة نسخه وتذييله بحواشن وروايات لعدة لغوتين وعلماز كارلوس يعقوب لايل.</marc:subfield>
  </marc:datafield>
  <marc:datafield tag="246" ind1="3" ind2=" ">
    <marc:subfield code="a">Mufaḍḍalīyāt</marc:subfield>
  </marc:datafield>
  <marc:datafield tag="260" ind1=" " ind2=" ">
    <marc:subfield code="6">03</marc:subfield>
    <marc:subfield code="a">Bayrūt :</marc:subfield>
    <marc:subfield code="b">Maṭbaʻat al-Ābāʼ al-Yasūʻiyyīn,</marc:subfield>
    <marc:subfield code="c">1920.</marc:subfield>
  </marc:datafield>
  <marc:datafield tag="260" ind1=" " ind2=" ">
    <marc:subfield code="6">03</marc:subfield>
    <marc:subfield code="a">بيروت :</marc:subfield>
    <marc:subfield code="b">مطبعة الآباء اليسوعيين،</marc:subfield>
    <marc:subfield code="c">١٩٢٠.</marc:subfield>
  </marc:datafield>
  <marc:datafield tag="300" ind1=" " ind2=" ">
    <marc:subfield code="a">892, xxxviii p. ;</marc:subfield>
    <marc:subfield code="c">30 cm.</marc:subfield>
  </marc:datafield>
  <marc:datafield tag="500" ind1=" " ind2=" ">
    <marc:subfield code="a">English t. p.: The Mufaddaliyat: an anthology of ancient Arabian odes compiled by al-Mufaddal son of Muhammad, according to the recension and with the commentary of Abu Muhammad al-Qasim ibn Muhammad al-Anbari. Edited for the first time by Charles James Lyall.</marc:subfield>
  </marc:datafield>
  <marc:datafield tag="650" ind1=" " ind2="0">
    <marc:subfield code="a">Arabic poetry.</marc:subfield>
  </marc:datafield>
  <marc:datafield tag="700" ind1="1" ind2=" ">
    <marc:subfield code="a">Ibn al-Anbārī, Muḥammad ibn al-Qāsim,</marc:subfield>
    <marc:subfield code="d">885-940?</marc:subfield>
    <marc:subfield code="6">04</marc:subfield>
  </marc:datafield>
  <marc:datafield tag="700" ind1="1" ind2=" ">
    <marc:subfield code="6">04</marc:subfield>
    <marc:subfield code="a">ابن الأنباري، محمد بن القاسم.</marc:subfield>
  </marc:datafield>
  <marc:datafield tag="998" ind1=" " ind2=" ">
    <marc:subfield code="a">19980416</marc:subfield>
    <marc:subfield code="d">19980416</marc:subfield>
    <marc:subfield code="d">20021030</marc:subfield>
    <marc:subfield code="n">NNU</marc:subfield>
    <marc:subfield code="s">1</marc:subfield>
    <marc:subfield code="t">c</marc:subfield>
    <marc:subfield code="z">p</marc:subfield>
  </marc:datafield>
</marc:record>
